@misc{peak, title={LTC6244 High Speed Peak Detector}, url={https://www.analog.com/en/technical-articles/ltc6244-high-speed-peak-detector.html}, journal={LTC6244 High Speed Peak Detector | Analog Devices}, author={Kelley, Hassan and Alonso, Gabino}} 